@book{Newman:2016,
 author		= {Sam Newman},
 title 		= {Budowanie mikrousług},
 year 		= {2019},
 publisher 	= {Helion}
}

@book{Ziade:2018,
 author		= {Tarek Ziadé},
 title 		= {Rozwijanie mikrousług w Pythonie. Budowa, testowanie, instalacja i skalowanie},
 year 		= {2018},
 publisher 	= {Helion}
}

@book{Wilton:2005,
 author		= {Paul Wilton, John Colby},
 title 		= {Od podstaw SQL},
 year 		= {2005},
 publisher 	= {Helion}
}

@book{Rodger:2019,
 author		= {Richard Rodger},
 title 		= {Tao Mikrousług. Projektowanie i wdrażanie},
 year 		= {2019},
 publisher 	= {Helion}
}

@book{Folwer:2019,
 author		= {Susan J. Fowler},
 title 		= {Mikrousługi. Wdrażanie i standaryzacja systemów w organizacji inżynierskiej},
 year 		= {2019},
 publisher 	= {Helion}
}