@book{Newman:2016,
 author		= {Sam Newman},
 title 		= {Budowanie mikrousług},
 year 		= {2019},
 publisher 	= {Helion}
}

@book{Ziade:2018,
 author		= {Tarek Ziadé},
 title 		= {Rozwijanie mikrousług w Pythonie. Budowa, testowanie, instalacja i skalowanie},
 year 		= {2018},
 publisher 	= {Helion}
}

@book{Wilton:2005,
 author		= {Paul Wilton, John Colby},
 title 		= {SQL. Od podstaw},
 year 		= {2005},
 publisher 	= {Helion}
}

@book{Rodger:2019,
 author		= {Richard Rodger},
 title 		= {Tao Mikrousług. Projektowanie i wdrażanie},
 year 		= {2019},
 publisher 	= {Helion}
}

@book{Hunt:2011,
 author		= {Andrew Hunt, David Thomas},
 title 		= {Pragmatyczny programista. Od czeladnika do mistrza},
 year 		= {2011},
 publisher 	= {Helion}
}

@book{Folwer:2019,
 author		= {Susan J. Fowler},
 title 		= {Mikrousługi. Wdrażanie i standaryzacja systemów w organizacji inżynierskiej},
 year 		= {2019},
 publisher 	= {Helion}
}

@book{Gamma:2017,
 author		= {Erich Gamma, Richard Helm, Ralph Johnson, John Vlissides},
 title 		= {Wzorce projektowe. Elementy oprogramowania obiektowego wielokrotnego użytku},
 year 		= {2017},
 publisher 	= {Helion}
}

@article{Nations:2019,
  author    = {Daniel Nations},
  title     = {What Exactly Is a Web Application?},
  journal   = {Lifewire},
  year      = {2019},
  note      = {\url{https://www.lifewire.com/what-is-a-web-application-3486637}}
}

@article{Herman:2020,
  author    = {Michael Herman},
  title     = {Dockerizing \textit{Flask} with \textit{Postgres}, \textit{Gunicorn}, and \textit{Nginx}},
  journal   = {TestDriven Labs},
  year      = {2020},
  note      = {\url{https://testdriven.io/blog/dockerizing-flask-with-postgres-gunicorn-and-nginx/}}
}

@article{Herman:2017,
  author    = {Real Python (Michael Herman)},
  title     = {Token-Based Authentication With Flask},
  journal   = {Real Python},
  year      = {2017},
  note      = {\url{https://realpython.com/token-based-authentication-with-flask/}}
}

@article{Grinberg:2017,
  author    = {Miguel Grinberg},
  title     = {The \textit{Flask Mega-Tutorial}},
  journal   = {miguelgrinberg.com},
  year      = {2017},
  note      = {\url{https://blog.miguelgrinberg.com/post/the-flask-mega-tutorial-part-i-hello-world}}
}

@manual{msbuild,
 author		= {© Microsoft 2020},
 title 		= {Dokumentacja Microsoft Build},
 note 		= {\url{https://docs.microsoft.com/pl-pl/}}
}

@manual{ruby,
 author     = {"Rails", "Ruby on Rails" David Heinemeier Hansson. All rights reserved},
 title     = {Dokumentacja Ruby on Rails},
 note       = {\url{https://guides.rubyonrails.org}}
}

@manual{django,
 author		= {© 2005-2020 Django Software Foundation and individual contributors},
 title 		= {Dokumentacja Django w wersji 3.0},
 note 		= {\url{https://docs.djangoproject.com/en/3.0/}}
}

@manual{flask,
 author		= {© Copyright 2010 Pallets},
 title 		= {Dokumentacja Flaska w wersji 1.1.x},
 note 		= {\url{https://flask.palletsprojects.com/en/1.1.x/}}
}

@manual{vuejs,
 author		= {Copyright © 2014-2020 Evan You},
 title 		= {Dokumentacja Vue.JS w wersji 2.x},
 note 		= {\url{https://vuejs.org/v2/guide/}}
}

@manual{mdn,
 author		= {© 2005-2020 Mozilla and individual contributors},
 title 		= {MDN web docs},
 note 		= {\url{https://developer.mozilla.org/en-US/}}
}

@manual{docker,
 author		= {Copyright © 2013-2020 Docker Inc.},
 title 		= {Dokumentacja Dockera},
 note 		= {\url{https://docs.docker.com/}
}

@manual{nginx,
 author		= {Copyright © F5, Inc},
 title 		= {Dokumentacja Nginxa},
 note 		= {\url{https://docs.nginx.com}}
}

@manual{python,
 author     = {© Copyright 2001-2020, Python Software Foundation.},
 title      = {Dokumentacja języka Python 3.x},
 note       = {\url{https://docs.python.org/3/}},
}      

@manual{flasksql,
 author     = {© Copyright 2010 Pallets},
 title      = {Dokumentacja biblioteki Flask-SQLAlchemy w wersji 2.x},
 note       = {\url{https://flask-sqlalchemy.palletsprojects.com/en/2.x/}},
}

@manual{http,
 author     = {Copyright © 1996-2003 W3C®},
 title      = {Oficjalna specyfikacja najnowszej wersji protokołu HTTP},
 note       = {\url{https://www.w3.org/Protocols/}},
}

@manual{nuxtjs,
 author     = {Brak informacji o autorze (wydane na podstawie licencji MIT)},
 title      = {Dokumentacja frameworku NuxtJS},
 note       = {\url{https://nuxtjs.org/guide}},
}

@manual{aws,
 author     = {© 2020, Amazon Web Services, Inc. or its affiliates.},
 title      = {Dokumentacja Amazon Web Services},
 note       = {\url{https://docs.aws.amazon.com}},
}